@book{ang2014,
  title = {Asset {{Management A Systematic Approach}} to {{Factor Investing}}},
  author = {Ang, Andrew},
  year = {2014},
  month = oct,
  publisher = {OUP USA},
  langid = {english}
}

@article{axioma2007,
  title = {Axioma Robust Risk Model Version 4 Handbook},
  author = {Axioma},
  year = {2007},
  month = oct
}

@article{carhart1997jf,
  title = {On Persistence in Mutual Fund Performance},
  author = {Carhart, Mark M.},
  year = {1997},
  journal = {The Journal of Finance},
  volume = {52},
  number = {1},
  eprinttype = {jstor},
  pages = {57--82},
  publisher = {[American Finance Association, Wiley]},
  urldate = {2024-10-02}
}

@article{fama1970jf,
  title = {Efficient Capital Markets: {{A}} Review of Theory and Empirical Work},
  shorttitle = {Efficient Capital Markets},
  author = {Fama, Eugene F.},
  year = {1970},
  journal = {The Journal of Finance},
  volume = {25},
  number = {2},
  eprinttype = {jstor},
  pages = {383--417},
  publisher = {[American Finance Association, Wiley]},
  urldate = {2024-10-02}
}

@article{fama1993jofe,
  title = {Common Risk Factors in the Returns on Stocks and Bonds},
  author = {Fama, Eugene F. and French, Kenneth R.},
  year = {1993},
  month = feb,
  journal = {Journal of Financial Economics},
  volume = {33},
  number = {1},
  pages = {3--56},
  urldate = {2024-09-26}
}

@article{fama2015jofe,
  title = {A Five-Factor Asset Pricing Model},
  author = {Fama, Eugene F. and French, Kenneth R.},
  year = {2015},
  month = apr,
  journal = {Journal of Financial Economics},
  volume = {116},
  number = {1},
  pages = {1--22},
  urldate = {2024-10-02}
}

@article{feng2020jf,
  title = {Taming the Factor Zoo: {{A}} Test of New Factors},
  shorttitle = {Taming the Factor Zoo},
  author = {Feng, Guanhao and Giglio, Stefano and Xiu, Dacheng},
  year = {2020},
  journal = {The Journal of Finance},
  volume = {75},
  number = {3},
  pages = {1327--1370},
  urldate = {2024-10-02},
  copyright = {{\copyright} 2020 the American Finance Association},
  langid = {english}
}

@article{giglio2022arfe,
  title = {Factor Models, Machine Learning, and Asset Pricing},
  author = {Giglio, Stefano and Kelly, Bryan and Xiu, Dacheng},
  year = {2022},
  month = nov,
  journal = {Annual Review of Financial Economics},
  volume = {14},
  number = {Volume 14, 2022},
  pages = {337--368},
  publisher = {Annual Reviews},
  urldate = {2024-10-02},
  langid = {english}
}

@book{grinold1999,
  title = {Active {{Portfolio Management}} : {{A}} Quantative Approach for Producing Superior Returns and Selecting Superior Money Managers},
  shorttitle = {Active {{Portfolio Management}}},
  author = {Grinold, Richard C. and Kahn, Ronald N.},
  year = {1999},
  month = nov,
  publisher = {McGraw Hill},
  langid = {english}
}

@article{gu2020trofs,
  title = {Empirical Asset Pricing via Machine Learning},
  author = {Gu, Shihao and Kelly, Bryan and Xiu, Dacheng},
  year = {2020},
  month = may,
  journal = {The Review of Financial Studies},
  volume = {33},
  number = {5},
  pages = {2223--2273},
  urldate = {2024-10-02}
}

@article{malkiel2003jep,
  title = {The Efficient Market Hypothesis and Its Critics},
  author = {Malkiel, Burton G.},
  year = {2003},
  month = mar,
  journal = {Journal of Economic Perspectives},
  volume = {17},
  number = {1},
  pages = {59--82},
  urldate = {2024-10-02},
  langid = {english}
}

@article{markowitz1952jf,
  title = {Portfolio Selection},
  author = {Markowitz, Harry},
  year = {1952},
  journal = {The Journal of Finance},
  volume = {7},
  number = {1},
  eprinttype = {jstor},
  pages = {77--91},
  publisher = {[American Finance Association, Wiley]},
  urldate = {2024-10-02}
}

@book{qian2007,
  title = {Quantitative {{Equity Portfolio Management}}: {{Modern Techniques}} and {{Applications}}},
  shorttitle = {Quantitative Equity Portfolio Management},
  author = {Qian, Edward E. and Hua, Ronald H. and Sorensen, Eric H.},
  year = {2007},
  month = may,
  publisher = {{Chapman and Hall/CRC}},
  langid = {english}
}

@article{ross1976joet,
  title = {The Arbitrage Theory of Capital Asset Pricing},
  author = {Ross, Stephen A},
  year = {1976},
  month = dec,
  journal = {Journal of Economic Theory},
  volume = {13},
  number = {3},
  pages = {341--360},
  urldate = {2024-10-02}
}

@article{sharpe1964jf,
  title = {Capital Asset Prices: {{A}} Theory of Market Equilibrium under Conditions of Risk},
  shorttitle = {Capital {{Asset Prices}}},
  author = {Sharpe, William F.},
  year = {1964},
  journal = {The Journal of Finance},
  volume = {19},
  number = {3},
  pages = {425--442},
  urldate = {2024-10-02},
  copyright = {{\copyright} 1964 the American Finance Association},
  langid = {english}
}
